@online{monkeywie2021,
  author  = {MonkeyWie},
  title   = {WSL2 GUI 应用配置实践 - IDEA篇},
  year    = 2021,
  url     = {https://monkeywie.cn/2021/09/26/wsl2-gui-idea-config/},
  urldate = {2021-09-26}
}
@online{microsoft2023,
  author  = {Microsoft},
  title   = {WSL 安装教程},
  year    = {2023},
  url     = {https://learn.microsoft.com/zh-cn/windows/wsl/install},
  urldate = {2023-08-02}
}
@online{wslissue2023,
  author  = {GitHub},
  title   = {WSL 2 - Getting “Failed to connect to the bus: Could not parse server address” error when launching google chrome or any electron app},
  year    = {2023},
  url     = {https://github.com/microsoft/WSL/issues/7915#issuecomment-1163333151},
  urldate = {2023-08-02}
}
@misc{xv6official,
  title        = {xv6 Official Tutorial},
  howpublished = {\url{https://github.com/remzi-arpacidusseau/ostep-projects/tree/master/initial-xv6}}
}